@misc{langs_2022_longest,
  author = {Langs, Sarah},
  month = {04},
  publisher = {Major League Baseball},
  title = {Longest contracts in baseball history},
  url = {https://www.mlb.com/news/longest-contracts-in-baseball-history},
  year = {2022},
  organization = {MLB.com}
}

@book{winston_2012_mathletics,
  author = {Winston, Wayne L.},
  publisher = {Princeton University Press},
  title = {Mathletics : How Gamblers, Managers, and Sports Enthusiasts Use Mathematics in Baseball, Basketball, and Football},
  year = {2012}
}

@book{marchi_2018_analyzing,
  author = {Marchi, Max and Albert, Jim and Baumer, Benjamin S},
  month = {11},
  publisher = {CRC Press},
  title = {Analyzing Baseball Data with R, Second Edition},
  volume = {2},
  year = {2018}
}

@article{scully_1974_pay,
  author = {Scully, Gerald W.},
  month = {12},
  pages = {915â€“930},
  title = {Pay and Performance in Major League Baseball},
  url = {https://www.jstor.org/stable/1815242?seq=4#metadata_info_tab_contents},
  urldate = {2022-12-03},
  volume = {64},
  year = {1974},
  journal = {The American Economic Review}
}

@article{hall_2002_testing,
  author = {Hall, Stephen and Szymanski, Stefan and Zimbalist, Andrew S.},
  month = {05},
  pages = {149-168},
  title = {Testing Causality Between Team Performance and Payroll},
  doi = {10.1177/152700250200300204},
  volume = {3},
  year = {2002},
  journal = {Journal of Sports Economics}
}

@misc{hasan_2011_can,
  author = {Hasan, Shahriar and Rivers, Thompson},
  title = {Can Money Buy Success ?: A Study of Team Payroll and Performance in the MLB},
  url = {https://www.semanticscholar.org/paper/Can-Money-Buy-Success-%3A-A-Study-of-Team-Payroll-and-Hasan-Rivers/6f39892055920f0a7855fbc82f50db2f5b46bcf8},
  urldate = {2022-12-03},
  year = {2011},
  organization = {www.semanticscholar.org}
}

@misc{shorin_2017_team,
  author = {Shorin, Grant and Arcidiacono, Peter and Kimbrough, Kent},
  title = {Team Payroll versus Performance in Professional Sports: Is Increased Spending Associated with Greater Success?},
  url = {https://sites.duke.edu/djepapers/files/2017/06/grantshorin-dje.pdf},
  urldate = {2019-11-17},
  year = {2017}
}

@article{loree_2016_determinants,
  author = {Loree, Jacob Andrew},
  month = {07},
  pages = {1},
  title = {Determinants of Baseball Success: An Econometric Approach},
  doi = {10.5296/ber.v6i2.9488},
  urldate = {2020-05-06},
  volume = {6},
  year = {2016},
  journal = {Business and Economic Research}
}